<record><leader>00000cas a22000007a 4500</leader><controlfield tag="001">15247140</controlfield><controlfield tag="008">870227d18611863inuwr ne      0    0eng d</controlfield><datafield ind1=" " ind2=" " tag="010"><subfield code="a">sn 87055655 </subfield></datafield><datafield ind1=" " ind2=" " tag="040"><subfield code="a">NPI</subfield><subfield code="b">eng</subfield><subfield code="c">NPI</subfield><subfield code="d">OCLCQ</subfield></datafield><datafield ind1=" " ind2=" " tag="042"><subfield code="a">msc</subfield></datafield><datafield ind1="0" ind2="4" tag="245"><subfield code="a">The La Grange union.</subfield></datafield><datafield ind1="3" ind2="0" tag="246"><subfield code="a">LaGrange union</subfield></datafield><datafield ind1=" " ind2=" " tag="260"><subfield code="a">Lima [i.e. Howe], Ind. :</subfield><subfield code="b">James S. Castle,</subfield><subfield code="c">-1863.</subfield></datafield><datafield ind1=" " ind2=" " tag="310"><subfield code="a">Weekly</subfield></datafield><datafield ind1="1" ind2=" " tag="362"><subfield code="a">Began in 1861.</subfield></datafield><datafield ind1="0" ind2=" " tag="362"><subfield code="a">-v. 2, no. 40 (May 12, 1863).</subfield></datafield><datafield ind1=" " ind2=" " tag="500"><subfield code="a">Evidently the paper ceased and the announced move of the paper to the city of LaGrange did not take place.</subfield></datafield><datafield ind1=" " ind2=" " tag="588"><subfield code="a">Description based on: Vol. 1, no. 33 (Jan. 28, 1862).</subfield></datafield><datafield ind1=" " ind2=" " tag="752"><subfield code="a">United States</subfield><subfield code="b">Indiana</subfield><subfield code="c">LaGrange</subfield><subfield code="d">Howe.</subfield></datafield><datafield ind1=" " ind2=" " tag="752"><subfield code="a">United States</subfield><subfield code="b">Indiana</subfield><subfield code="c">LaGrange</subfield><subfield code="d">Lima.</subfield></datafield><datafield ind1="0" ind2="0" tag="785"><subfield code="t">Kendallville standard</subfield><subfield code="w">(DLC)sn 84023969</subfield><subfield code="w">(OCoLC)11103227</subfield></datafield></record>